@article{amundsen1994piscivory,
  title={Piscivory and cannibalism in Arctic charr},
  author={Amundsen, P-A},
  journal={Journal of Fish Biology},
  volume={45},
  pages={181--189},
  year={1994},
  publisher={Wiley Online Library}
}

@article{bartrons2015spatial,
  title={Spatial patterns reveal strong abiotic and biotic drivers 
          of zooplankton community composition in Lake M{\`y}vatn, Iceland},
  author={Bartrons, Mireia and Einarsson, Arni and Nobre, Regina LG and Herren, Cristina M 
            and Webert, Kyle C and Brucet, Sandra 
              and {\'O}lafsd{\'o}ttir, S{\'o}lveig R and Ives, Anthony R},
  journal={Ecosphere},
  volume={6},
  number={6},
  pages={1--20},
  year={2015},
  publisher={Wiley Online Library}
}

@incollection{beamish1999taking,
  title={Taking the next step in fisheries management},
  author={Beamish, Richard J and Mahnken, Conrad},
  booktitle={Ecosystem Approaches for Fisheries Management.},
  publisher={University of Alaska Sea Grant, AK-SG-99-01, Fairbanks},
  pages={1--21},
  year={1999}
}

@article{carpenter2017stan,
author={Carpenter, Bob and Gelman, Andrew and Hoffman, Matthew D and Lee,
    Daniel and Goodrich, Ben and Betancourt, Michael and Brubaker,
    Marcus and Guo, Jiqiang and Li, Peter and Riddell, Allen},
title={Stan: A probabilistic programming language},
journal={Journal of Statistical Software},
volume={76},
number={1},
year={2017},
publisher={Columbia Univ., New York, NY (United States); Harvard Univ., Cambridge, MA~â€¦}
}

@article{caswell2001matrix,
  title={Matrix Population Models: Construction, Analysis, and Interpretation. 2nd edn Sinauer Associates},
  author={Caswell, Hal},
  journal={Inc., Sunderland, MA},
  year={2001}
}

@article{dixon1999episodic,
  title={Episodic fluctuations in larval supply},
  author={Dixon, Paul A and Milicich, Maria J and Sugihara, George},
  journal={Science},
  volume={283},
  number={5407},
  pages={1528--1530},
  year={1999},
  publisher={American Association for the Advancement of Science}
}

@article{einarsson2004clad,
title={Long-term changes in benthic {C}ladocera populations in Lake {M}\'{y}vatn, {I}celand},
author={Einarsson, \'{A}rni and \"{O}rn\'{o}lfsd\'{o}ttir, Erla Bj\"{o}rk},
journal={Aquatic Ecology},
volume={38},
number={2},
pages={253--262},
year={2004},
publisher={Springer}
}

@article{einarsson2004myvatn,
title={The ecology of Lake {M}\'{y}vatn and the {R}iver {L}ax\'{a}: variation in space and time},
author={Einarsson, \'{A}rni and Stef\'{a}nsd\'{o}ttir, Ger{\dh}ur
        and J\'{o}hannesson, Helgi and Olafsson, J\'{o}n S
        and G{\'\i}slason, G{\'\i}sli M{\'a}r
        and Wakana, Isamu and
        Gud{\dh}ergsson, Gu{\dh}ni
        and Gardarsson, Arnthor},
journal={Aquatic Ecology},
volume={38},
number={2},
pages={317--348},
year={2004},
publisher={Springer}
}

@article{elliott2010temperature,
  title={Temperature requirements of Atlantic salmon Salmo salar, brown trout Salmo trutta 
          and Arctic charr Salvelinus alpinus: predicting the effects of climate change},
  author={Elliott, JM and Elliott, JA},
  journal={Journal of fish biology},
  volume={77},
  number={8},
  pages={1793--1817},
  year={2010},
  publisher={Wiley Online Library}
}

@article{forcada2008life,
  title={Life history buffering in Antarctic mammals and 
          birds against changing patterns of climate and environmental variation},
  author={Forcada, Jaume and Trathan, Philip N and Murphy, Eugene J},
  journal={Global Change Biology},
  volume={14},
  number={11},
  pages={2473--2488},
  year={2008},
  publisher={Wiley Online Library}
}

@article{gardarsson2004population,
title={Population fluctuations of chironomid and simuliid {D}iptera at {M}\'{y}vatn in 1977--1996},
author={Gardarsson, Arnthor and Einarsson, \'{A}rni and 
  G\'{i}slason, G\'{i}sli M\'{a}r and Hrafnsd{\'o}ttir, Th{\'o}ora and 
    Ingvason, Haraldur R and J\'{o}nsson, Erlendur and Olafsson, J\'{o}n S},
journal={Aquatic Ecology},
volume={38},
number={2},
pages={209--217},
year={2004},
publisher={Springer}
}

@article{gross2005estimating,
  title={Estimating fluctuating vital rates from time-series data: 
          a case study of aphid biocontrol},
  author={Gross, Kevin and Ives, Anthony R and Nordheim, Erik V},
  journal={Ecology},
  volume={86},
  number={3},
  pages={740--752},
  year={2005},
  publisher={Wiley Online Library}
}

@article{gudbergsson2004,
title={Arctic charr in {L}ake {M}\'{y}vatn: 
  the centennial catch record in the light of recent stock estimates},
author={Gu{\dh}bergsson, Gu{\dh}ni},
journal={Aquatic Ecology},
volume={38},
number={2},
pages={271--285},
year={2004},
publisher={Springer}
}

@article{hansen2013rapid,
  title={Are rapid transitions between invasive and 
          native species caused by alternative stable states, and does it matter?},
  author={Hansen, Gretchen JA and Ives, Anthony R and Vander Zanden, M Jake 
      and Carpenter, Stephen R},
  journal={Ecology},
  volume={94},
  number={10},
  pages={2207--2219},
  year={2013},
  publisher={Wiley Online Library}
}

@article{holland2007demogR,
title = {{demogR}: A package for the construction and analysis of
  age-structured demographic models in {R}},
author = {James Holland Jones},
journal = {Journal of Statistical Software},
year = {2007},
volume = {22},
number = {10},
pages = {1--28},
url = {http://dx.doi.org/10.18637/jss.v022.i10},
  }
  
@article{houde2008emerging,
  title={Emerging from Hjort's shadow},
  author={Houde, Edward D},
  journal={Journal of Northwest Atlantic Fishery Science},
  volume={41},
  year={2008},
  publisher={Northwest Atlantic Fisheries Org}
}

@article{hunter2010climate,
  title={Climate change threatens polar bear populations: 
            a stochastic demographic analysis},
  author={Hunter, Christine M and Caswell, Hal and Runge, Michael C 
            and Regehr, Eric V and Amstrup, Steve C and Stirling, Ian},
  journal={Ecology},
  volume={91},
  number={10},
  pages={2883--2897},
  year={2010},
  publisher={Wiley Online Library}
}

@article{hsieh2010fishing,
  title={Fishing effects on age and spatial structures undermine population stability of fishes},
  author={Hsieh, Chih-hao and Yamauchi, Atsushi and Nakazawa, Takefumi 
          and Wang, Wei-Fen},
  journal={Aquatic Sciences},
  volume={72},
  number={2},
  pages={165--178},
  year={2010},
  publisher={Springer}
}

@article{jeppesen2001fish,
  title={Fish and crustaceans in northeast Greenland lakes 
          with special emphasis on interactions between Arctic charr (Salvelinus alpinus), Lepidurus arcticus and benthic chydorids},
  author={Jeppesen, Erik and Christoffersen, Kirsten and Landkildehus, Frank 
          and Lauridsen, Torben and Amsinck, Susanne L and Riget, Frank 
            and S{\o}ndergaard, Martin},
  journal={Hydrobiologia},
  volume={442},
  number={1},
  pages={329--337},
  year={2001},
  publisher={Springer}
}


@article{jonsson2015freshwater,
  title={A freshwater predator hit twice by the effects of warming across trophic levels},
  author={Jonsson, Tomas and Setzer, Malin},
  journal={Nature Communications},
  volume={6},
  number={1},
  pages={1--9},
  year={2015},
  publisher={Nature Publishing Group}
}


@article{klemetsen2003atlantic,
title={Atlantic salmon \emph{{S}almo salar} {L.}, brown trout \emph{{S}almo trutta} {L.} 
        and Arctic charr \emph{{S}alvelinus alpinus} {L.}: 
          a review of aspects of their life histories},
author={Klemetsen, A and Amundsen, P-A and Dempson, JB and Jonsson, B 
          and Jonsson, N and O'connell, MF and Mortensen, E},
journal={Ecology of freshwater fish},
volume={12},
number={1},
pages={1--59},
year={2003},
publisher={Wiley Online Library}
}

@article{koons2016life,
  title={A life-history perspective on the demographic drivers of 
          structured population dynamics in changing environments},
  author={Koons, David N and Iles, David T and Schaub, Michael and Caswell, Hal},
  journal={Ecology letters},
  volume={19},
  number={9},
  pages={1023--1031},
  year={2016},
  publisher={Wiley Online Library}
}


@article{link2002does,
  title={What does ecosystem-based fisheries management mean?},
  author={Link, Jason S},
  journal={Fisheries},
  volume={27},
  number={4},
  pages={18--21},
  year={2002}
}


@article{ludsin2014physical,
  title={Physical--biological coupling and the challenge of 
    understanding fish recruitment in freshwater lakes},
  author={Ludsin, Stuart A and DeVanna, Kristen M and Smith, Ralph EH},
  journal={Canadian Journal of Fisheries and Aquatic Sciences},
  volume={71},
  number={5},
  pages={775--794},
  year={2014},
  publisher={NRC Research Press}
}

@article{malmquist2009salmonid,
  title={Salmonid fish and warming of shallow Lake Elli{\dh}avatn in Southwest Iceland},
  author={Malmquist, HJ and Antonsson, {\TH} and Ingvason, HR and Ingimarsson, F 
            and Arnason, F},
  journal={Internationale Vereinigung f{\"u}r theoretische 
            und angewandte Limnologie: Verhandlungen},
  volume={30},
  number={7},
  pages={1127--1132},
  year={2009},
  publisher={Taylor \& Francis}
}

@article{nielsen2014estimation,
  title={Estimation of time-varying selectivity in stock assessments using state-space models},
  author={Nielsen, Anders and Berg, Casper W},
  journal={Fisheries Research},
  volume={158},
  pages={96--101},
  year={2014},
  publisher={Elsevier}
}

@manual{pinheiro2020nlme,
title = {{nlme}: Linear and Nonlinear Mixed Effects Models},
author = {Jose Pinheiro and Douglas Bates and Saikat DebRoy and
  Deepayan Sarkar and {R Core Team}},
year = {2020},
note = {R package version 3.1-151},
url = {https://CRAN.R-project.org/package=nlme},
  }


@manual{r2020,
    title = {{R}: A Language and Environment for Statistical Computing},
    author = {{R Core Team}},
    organization = {R Foundation for Statistical Computing},
    address = {Vienna, Austria},
    year = {2020},
    url = {https://www.R-project.org/},
  }
  
@article{snorrason1992population,
  title={Population dynamics of the planktivorous 
          arctic charr Salvelinus alpinus (" murta") in Thingvallavatn},
  author={Snorrason, Sigurdur S and J{\'o}nasson, P{\'e}tur M and Jonsson, Bror 
          and Lindem, Torfinn and Malmquist, Hilmar J and Sandlund, Odd Terje 
            and Sk{\'u}lason, Sk{\'u}li},
  journal={Oikos},
  pages={352--364},
  year={1992},
  publisher={JSTOR}
}
  
@misc{stan2020rstan,
    title = {{RStan}: the {R} interface to {Stan}},
    author = {{Stan Development Team}},
    note = {R package version 2.21.2},
    year = {2020},
    url = {http://mc-stan.org/},
  }
  
@article{twombly1994comparative,
  title={Comparative demography and population dynamics of 
          two coexisting copepods in a Venezuelan floodplain lake},
  author={Twombly, Saran},
  journal={Limnology and Oceanography},
  volume={39},
  number={2},
  pages={234--247},
  year={1994},
  publisher={Wiley Online Library}
}
  
@article{white2007irruptive,
  title={Irruptive population dynamics in Yellowstone pronghorn},
  author={White, PJ and Bruggeman, Jason E and Garrott, Robert A},
  journal={Ecological Applications},
  volume={17},
  number={6},
  pages={1598--1606},
  year={2007},
  publisher={Wiley Online Library}
}
  
@article{winfield2008arctic,
  title={The Arctic charr (Salvelinus alpinus) populations of Windermere, UK: 
          population trends associated with eutrophication, climate change 
            and increased abundance of roach (Rutilus rutilus)},
  author={Winfield, Ian J and Fletcher, Janice M and James, J Ben},
  journal={Environmental Biology of Fishes},
  volume={83},
  number={1},
  pages={25--35},
  year={2008},
  publisher={Springer}
}

@article{zeng1998,
  title={Complex population dynamics in the real world: 
          modeling the influence of time-varying parameters and time lags},
  author={Zeng, Zheng and Nowierski, Robert M and Taper, Mark L and Dennis, Brian 
            and Kemp, William P},
  journal={Ecology},
  volume={79},
  number={6},
  pages={2193--2209},
  year={1998},
  publisher={Wiley Online Library}
}
